<record><leader>00000cas a22000007a 4500</leader><controlfield tag="001">18384916</controlfield><controlfield tag="008">880822d18911906ohuwr ne      0    0eng d</controlfield><datafield ind1=" " ind2=" " tag="010"><subfield code="a">sn 88077629 </subfield></datafield><datafield ind1=" " ind2=" " tag="040"><subfield code="a">ONP</subfield><subfield code="b">eng</subfield><subfield code="c">ONP</subfield><subfield code="d">OCLCQ</subfield><subfield code="d">OCLCF</subfield><subfield code="d">OCLCO</subfield></datafield><datafield ind1=" " ind2=" " tag="042"><subfield code="a">msc</subfield></datafield><datafield ind1=" " ind2=" " tag="043"><subfield code="a">n-us-oh</subfield></datafield><datafield ind1="0" ind2=" " tag="130"><subfield code="a">Lantern (Columbus, Ohio : 1891)</subfield></datafield><datafield ind1="1" ind2="4" tag="245"><subfield code="a">The Lantern.</subfield></datafield><datafield ind1=" " ind2=" " tag="260"><subfield code="a">Columbus, Ohio :</subfield><subfield code="b">Literary Societies of the Ohio State University,</subfield><subfield code="c">1891-1906.</subfield></datafield><datafield ind1=" " ind2=" " tag="310"><subfield code="a">Weekly,</subfield><subfield code="b">Mar. 7, 1893-June 22, 1906</subfield></datafield><datafield ind1=" " ind2=" " tag="321"><subfield code="a">Weekly,</subfield><subfield code="b">Apr. 17, 1891-June 23, 1892</subfield></datafield><datafield ind1=" " ind2=" " tag="321"><subfield code="a">Semiweekly,</subfield><subfield code="b">Nov. 29, 1892-Feb. 28, 1893</subfield></datafield><datafield ind1="0" ind2=" " tag="362"><subfield code="a">Vol. 11, no. 11 (Apr. 17, 1891)-v. 26, no. 33 (June 22, 1906).</subfield></datafield><datafield ind1=" " ind2=" " tag="515"><subfield code="a">Suspended June 23, 1892-Nov. 29, 1892.</subfield></datafield><datafield ind1=" " ind2="0" tag="650"><subfield code="a">College students</subfield><subfield code="z">Ohio</subfield><subfield code="v">Newspapers.</subfield></datafield><datafield ind1=" " ind2="7" tag="655"><subfield code="a">Newspapers.</subfield><subfield code="2">fast</subfield><subfield code="0">(OCoLC)fst01423814</subfield></datafield><datafield ind1=" " ind2="7" tag="650"><subfield code="a">College students.</subfield><subfield code="2">fast</subfield><subfield code="0">(OCoLC)fst00867976</subfield></datafield><datafield ind1=" " ind2="7" tag="651"><subfield code="a">Ohio.</subfield><subfield code="2">fast</subfield><subfield code="0">(OCoLC)fst01205075</subfield></datafield><datafield ind1=" " ind2=" " tag="752"><subfield code="a">United States</subfield><subfield code="b">Ohio</subfield><subfield code="c">Franklin</subfield><subfield code="d">Columbus.</subfield></datafield><datafield ind1="0" ind2="0" tag="780"><subfield code="t">Fortnightly lantern</subfield><subfield code="w">(DLC)sn 91075644</subfield></datafield><datafield ind1="0" ind2="0" tag="785"><subfield code="t">Ohio State lantern</subfield><subfield code="w">(DLC)sn 91075648</subfield></datafield></record>